---------------------------------

@article{PRS,
	author={J. Demmel and H. D. Nguyen},
	title={Parallel reproducible summation},
	abstract={},
	journal={IEEE TC},
	volume={64(7)},
	number={},
	year={2015},
	month={July},
	pages={2060-2070}
} ---------------------------------
@article{AEFPS,
	author={J. Demmel and Y. Hida},
	title={Accurate and efficient floating point summation},
	abstract={},
	journal={SIAM Journal on Scientic Computing},
	volume={25(4)},
	number={},
	year={2004},
	pages={1214-1248}
} ---------------------------------
@article{AFPSPFR,
	author={S. M. Rump and T. Ogita and S. Oishi},
	title={Accurate floating-point summation part i: Faithful rounding},
	abstract={},
	journal={SIAM Journal on Scientic Computing},
	volume={31(1)},
	number={},
	year={2008},
	pages={189-224}
} ---------------------------------
@article{APFPA,
	author={E. Kadric and P. Gurniak and A. DeHon},
	title={Accurate parallel floating-point accumulation},
	abstract={},
	journal={21st IEEE Symp. on Computer Arithmetic (ARITH)},
	volume={31(1)},
	number={},
	year={2013},
	month={April},
	pages={153-162}
} ---------------------------------
@article{FESUSLS,
	author={R. M. Neal},
	title={Fast exact summation using small and large superaccumulators},
	abstract={},
	journal={arXiv ePrint},
	volume={abs/1505.05571},
	number={},
	year={2015},
	month={},
	pages={153-162}
} ---------------------------------
@article{LTALCNS,
	author={M.-Y. Kao and J. Wang},
	title={Linear-time approximation algorithms for computing numerical summation with provably small errors},
	abstract={},
	journal={SISC},
	volume={29},
	number={5},
	year={2000},
	month={},
	pages={1568-1576}
} ---------------------------------
@article{PASFPN,
	author={Goodrich and M. T. and Eldawy},
	title={Parallel Algorithms for Summing Floating-Point Numbers},
	abstract={},
	journal={Proceedings of the 28th ACM Symposium on Parallelism in Algorithms and Architectures},
	volume={},
	year={2016},
	month={July},
	pages={13-22}
} ---------------------------------
@article{PARESFP,
	author={H. Leuprecht and W. Oberaigner},
	title={Parallel algorithms for the rounding exact summation of floating point numbers},
	abstract={},
	journal={Computing},
	volume={28},
	number={2},
	year={1982},
	month={},
	pages={89-104}
} ---------------------------------
@article{OAFPS,
	author={M. A. Malcolm},
	title={On accurate floating-point summation},
	abstract={},
	journal={Commun. ACM},
	volume={14},
	number={11},
	year={1971},
	month={November},
	pages={731-736}
} ---------------------------------